@Inbook{Wei2012,
author="Wei, Yu-Chih
and Chen, Yi-Ming",
editor="Park, James J. (Jong Hyuk)
and Jin, Qun
and Sang-soo Yeo, Martin
and Hu, Bin",
title="Reliability and Efficiency Improvement for Trust Management Model in VANETs",
bookTitle="Human Centric Technology and Service in Smart Space: HumanCom 2012",
year="2012",
publisher="Springer Netherlands",
address="Dordrecht",
pages="105--112",
isbn="978-94-007-5086-9",
doi="10.1007/978-94-007-5086-9_14",
url="http://dx.doi.org/10.1007/978-94-007-5086-9_14"
}

